<?xml version="1.0" encoding="UTF-8"?><collection xmlns="http://www.loc.gov/MARC21/slim"><record><leader>00354nam--2200121-i-4500</leader><controlfield tag="001">000027543</controlfield><controlfield tag="002">20161230</controlfield><controlfield tag="005">20161230201036</controlfield><controlfield tag="008">060222s1000------------r-----000-0-eng-d</controlfield><datafield ind1=" " ind2=" " tag="100"><subfield code="a">Kroner, Ekkehart</subfield></datafield><datafield ind1=" " ind2=" " tag="245"><subfield code="a">Allgemeine kontinuumstheorie der versetzungen und eigenspannungen</subfield></datafield><datafield ind1=" " ind2=" " tag="260"><subfield code="a">Stuttgart, Technisches Hochschule, 1960. /-273-334p.</subfield></datafield><datafield ind1=" " ind2=" " tag="852"><subfield code="a">7100</subfield></datafield></record></collection>